@inproceedings{
    connection-based-proof-method,
    title={A connection based proof method for intuitionistic logic},
    author={Otten, Jens and Kreitz, Christoph},
    booktitle={International Workshop on Theorem Proving with Analytic Tableaux and Related Methods},
    pages={122--137},
    year={1995},
    organization={Springer}
}

@inproceedings{
    naming-proofs-in-cl,
    title={Naming proofs in classical propositional logic},
    author={Lamarche, Fran{\c{c}}ois and Stra{\ss}burger, Lutz},
    booktitle={International Conference on Typed Lambda Calculi and Applications},
    pages={246--261},
    year={2005},
    organization={Springer}
}

@inproceedings{
    petri-nets,
    title={Complexity bounds for sum-product logic via additive proof nets and petri nets},
    author={Heijltjes, Willem and Hughes, Dominic JD},
    booktitle={2015 30th Annual ACM/IEEE Symposium on Logic in Computer Science},
    pages={80--91},
    year={2015},
    organization={IEEE}
}

@book{
    proofs-and-types,
    title={Proofs and types},
    author={Girard, Jean-Yves and Taylor, Paul and Lafont, Yves},
    volume={7},
    year={1989},
    publisher={Cambridge university press Cambridge}
}

@article{
    tableaux-for-logic-of-proofs,
    title={Tableaux for the logic of proofs},
    author={Renne, Bryan},
    journal={CUNY PhD Program in Computer Science, Technical Report TR-2004001, New York},
    pages={148--158},
    year={2004}
}

@article{
    proving-by-matings,
    title={Theorem proving via general matings},
    author={Andrews, Peter B},
    journal={Journal of the ACM (JACM)},
    volume={28},
    number={2},
    pages={193--214},
    year={1981},
    publisher={ACM}
}

@article{
    matrices-with-connections,
    title={On matrices with connections},
    author={Bibel, Wolfgang},
    journal={J. ACM},
    volume={28},
    number={4},
    pages={633--645},
    year={1981}
}

@inproceedings{
    semantic-methods,
    title={Semantic proof search methods for ALL-a rst approach},
    author={Galmiche, Didier and Marion, Jean-Yves},
    booktitle={4th Workshop on Theorem Proving with Analytic Tableaux and Related Methods, St Goar am Rhein, Germany},
    year={1995}
}

@article{
    contraction-restrictions,
    title={Two restrictions on contraction},
    author={Brunnler, Kai},
    journal={Logic Journal of the IGPL},
    volume={11},
    number={5},
    pages={525-529},
    year={2003}
}
